@misc{evernote,
  title    = {Evernote},
  url      = {https://evernote.com/},
  addendum = {(dostęp: 01.01.2024)}
}
@misc{onenote,
  title    = {OneNote},
  url      = {https://www.onenote.com/},
  addendum = {(dostęp: 01.01.2024)}
}
@misc{logseq,
  title    = {Logseq},
  url      = {https://docs.logseq.com/},
  addendum = {(dostęp: 01.01.2024)}
}
@misc{obsidian,
  title    = {Obsidian},
  url      = {https://obsidian.md/},
  addendum = {(dostęp: 01.01.2024)}
}
@misc{notion,
  title    = {Notion},
  url      = {https://www.notion.so/},
  addendum = {(dostęp: 01.01.2024)}
}
@misc{x,
  title    = {},
  url      = {},
  addendum = {(dostęp: 01.01.2024)}
}
@misc{wsjp,
  author   = {Żmigrodzki P. (red.)},
  title    = {Wielki słownik języka polskiego PAN},
  year     = {2007},
  url      = {https://wsjp.pl},
  addendum = {(dostęp: 01.01.2024)}
}
@book{orchestration,
  title     = {The Study of Orchestration},
  author    = {Adler S.},
  isbn      = {9780393920659},
  series    = {The Study of Orchestration},
  year      = {2016},
  publisher = {W.W. Norton}
}
@book{abc,
  title     = {ABC historii muzyki},
  author    = {Kowalska M.},
  isbn      = {8370991025},
  year      = {2005},
  publisher = {Musica Iagiellonica}
}
@book{atlas1,
  title     = {Atlas Muzyki},
  author    = {Michels U.},
  number    = {t. 1},
  year      = {2002},
  publisher = {Prószyński Media}
}
@book{atlas2,
  title     = {Atlas Muzyki},
  author    = {Michels U.},
  number    = {t. 2},
  year      = {2003},
  publisher = {Prószyński Media}
}
@book{estetyka,
  title     = {Historia estetyki muzycznej},
  author    = {Fubini E., Skowron Z.},
  isbn      = {9788370990701},
  series    = {Studia et Dissertationes Instituti Musicologiae Universitatis Varsoviensis},
  year      = {1997},
  publisher = {Musica Iagellonica}
}
@book{modern,
  title     = {Music after the fall: Modern composition and culture since 1989},
  author    = {Rutherford-Johnson T.},
  year      = {2017},
  publisher = {University of California Press}
}
@book{50,
  title     = {Electronic and Computer Music},
  author    = {Manning P.},
  isbn      = {0199746397},
  year      = {2013},
  publisher = {OUP USA}
}
@book{90,
  title     = {Computer Music: Synthesis, Composition, and Performance},
  author    = {Dodge C., Jerse T.A.},
  isbn      = {9780028646824},
  year      = {1997},
  publisher = {Schirmer Books}
}
@book{00,
  title     = {Introduction to Computer Music},
  author    = {Collins N.},
  isbn      = {9780470714553},
  year      = {2010},
  publisher = {Wiley}
}
@book{10,
  title     = {Creative Music Making at Your Fingertips: A Mobile Technology Guide for Music Educators},
  author    = {Greher G.R., Burton S.L.},
  isbn      = {9780190078133},
  year      = {2021},
  publisher = {Oxford University Press}
}
@book{interaction,
  title     = {Music and Human-Computer Interaction},
  author    = {Holland S., Wilkie K., Seago A.},
  isbn      = {9781447161271},
  year      = {2015},
  publisher = {Springer London}
}
@inproceedings{minimalism,
  title        = {Research on Minimalism in Interface Design Based on Gestalt Psychology},
  author       = {Li, Yiwen and Fu, Kun},
  booktitle    = {2022 International Conference on Science Education and Art Appreciation (SEAA 2022)},
  pages        = {825--837},
  year         = {2022},
  organization = {Atlantis Press}
}
